@book{GBV-1778472117,
	title = {Programming for Computations - Python : A Gentle Introduction to Numerical Simulations with Python 3.6},
	author = {Linge, Svein and Langtangen, Hans Petter},
	language = {eng},
	abstract = {Mathematics; Computer mathematics; Numerical analysis; Computer software; Numerical analysis},
	isbn = {9783030168773 | 978-3-030-16877-3},
	edition = {Array},
	note = {1 Online-Ressource (332 p.)},
	type = {Online-Ressource},
	address = {Cham},
	publisher = {Springer Nature},
	year = {2020},
	url = {https://directory.doabooks.org/handle/20.500.12854/33219}
	}